% This file was created with JabRef 2.7.2.
% Encoding: UTF8

@misc{indexglobal,
  title={Global Mobile Data Traffic Forecast Update, 2016--2021 White Paper, accessed on May 2, 2017},
  author={Index, Cisco Visual Networking}
}
% note={\url{https://www.cisco.com/c/en/us/solutions/collateral/service-provider/visual-networking-index-vni/mobile-white-paper-c11-520862.html}}


@article{nielsen2011genotype,
  title={Genotype and SNP calling from next-generation sequencing data},
  author={Nielsen, Rasmus and Paul, Joshua S and Albrechtsen, Anders and Song, Yun S},
  journal={Nature Reviews Genetics},
  volume={12},
  number={6},
  pages={443--451},
  year={2011},
  publisher={Nature Publishing Group}
}

@article{poplin2018scaling,
  title={Scaling accurate genetic variant discovery to tens of thousands of samples},
  author={Poplin, Ryan and Ruano-Rubio, Valentin and DePristo, Mark A and Fennell, Tim J and Carneiro, Mauricio O and Van der Auwera, Geraldine A and Kling, David E and Gauthier, Laura D and Levy-Moonshine, Ami and Roazen, David and others},
  journal={BioRxiv},
  pages={201178},
  year={2018},
  publisher={Cold Spring Harbor Laboratory}
}

@article{saunders2012strelka,
  title={Strelka: accurate somatic small-variant calling from sequenced tumor--normal sample pairs},
  author={Saunders, Christopher T and Wong, Wendy SW and Swamy, Sajani and Becq, Jennifer and Murray, Lisa J and Cheetham, R Keira},
  journal={Bioinformatics},
  volume={28},
  number={14},
  pages={1811--1817},
  year={2012},
  publisher={Oxford University Press}
}

@article{garrison2012haplotype,
  title={Haplotype-based variant detection from short-read sequencing},
  author={Garrison, Erik and Marth, Gabor},
  journal={arXiv preprint arXiv:1207.3907},
  year={2012}
}

@article{poplin2018universal,
  title={A universal SNP and small-indel variant caller using deep neural networks},
  author={Poplin, Ryan and Chang, Pi-Chuan and Alexander, David and Schwartz, Scott and Colthurst, Thomas and Ku, Alexander and Newburger, Dan and Dijamco, Jojo and Nguyen, Nam and Afshar, Pegah T and others},
  journal={Nature biotechnology},
  volume={36},
  number={10},
  pages={983--987},
  year={2018},
  publisher={Nature Publishing Group}
}

@article{koboldt2020best,
  title={Best practices for variant calling in clinical sequencing},
  author={Koboldt, Daniel C},
  journal={Genome Medicine},
  volume={12},
  number={1},
  pages={1--13},
  year={2020},
  publisher={BioMed Central}
}

@article{bian2018comparing,
  title={Comparing the performance of selected variant callers using synthetic data and genome segmentation},
  author={Bian, Xiaopeng and Zhu, Bin and Wang, Mingyi and Hu, Ying and Chen, Qingrong and Nguyen, Cu and Hicks, Belynda and Meerzaman, Daoud},
  journal={BMC bioinformatics},
  volume={19},
  number={1},
  pages={1--11},
  year={2018},
  publisher={BioMed Central}
}

@article{chen2019systematic,
  title={Systematic comparison of germline variant calling pipelines cross multiple next-generation sequencers},
  author={Chen, Jiayun and Li, Xingsong and Zhong, Hongbin and Meng, Yuhuan and Du, Hongli},
  journal={Scientific reports},
  volume={9},
  number={1},
  pages={1--13},
  year={2019},
  publisher={Nature Publishing Group}
}

@article{zhao2020accuracy,
  title={Accuracy and efficiency of germline variant calling pipelines for human genome data},
  author={Zhao, Sen and Agafonov, Oleg and Azab, Abdulrahman and Stokowy, Tomasz and Hovig, Eivind},
  journal={Scientific reports},
  volume={10},
  number={1},
  pages={1--12},
  year={2020},
  publisher={Nature Publishing Group}
}

@article{hwang2015systematic,
  title={Systematic comparison of variant calling pipelines using gold standard personal exome variants},
  author={Hwang, Sohyun and Kim, Eiru and Lee, Insuk and Marcotte, Edward M},
  journal={Scientific reports},
  volume={5},
  number={1},
  pages={1--8},
  year={2015},
  publisher={Nature Publishing Group}
}

@article{tian2015computational,
  title={Computational methods and resources for the interpretation of genomic variants in cancer},
  author={Tian, Rui and Basu, Malay K and Capriotti, Emidio},
  journal={BMC genomics},
  volume={16},
  number={8},
  pages={1--19},
  year={2015},
  publisher={Springer}
}

@incollection{sehn2015insertions,
  title={Insertions and deletions (indels)},
  author={Sehn, Jennifer K},
  booktitle={Clinical genomics},
  pages={129--150},
  year={2015},
  publisher={Elsevier}
}

@article{montgomery2013origin,
  title={The origin, evolution, and functional impact of short insertion--deletion variants identified in 179 human genomes},
  author={Montgomery, Stephen B and Goode, David L and Kvikstad, Erika and Albers, Cornelis A and Zhang, Zhengdong D and Mu, Xinmeng Jasmine and Ananda, Guruprasad and Howie, Bryan and Karczewski, Konrad J and Smith, Kevin S and others},
  journal={Genome research},
  volume={23},
  number={5},
  pages={749--761},
  year={2013},
  publisher={Cold Spring Harbor Lab}
}

@article{kuo2018eagle,
  title={EAGLE: explicit alternative genome likelihood evaluator},
  author={Kuo, Tony and Frith, Martin C and Sese, Jun and Horton, Paul},
  journal={BMC medical genomics},
  volume={11},
  number={2},
  pages={1--10},
  year={2018},
  publisher={BioMed Central}
}

@article{sousa2013understanding,
  title={Understanding the origin of species with genome-scale data: modelling gene flow},
  author={Sousa, Vitor and Hey, Jody},
  journal={Nature Reviews Genetics},
  volume={14},
  number={6},
  pages={404--414},
  year={2013},
  publisher={Nature Publishing Group}
}

% 2

@article{li2009fast,
  title={Fast and accurate short read alignment with Burrows--Wheeler transform},
  author={Li, Heng and Durbin, Richard},
  journal={bioinformatics},
  volume={25},
  number={14},
  pages={1754--1760},
  year={2009},
  publisher={Oxford University Press}
}

@article{li2010fast,
  title={Fast and accurate long-read alignment with Burrows--Wheeler transform},
  author={Li, Heng and Durbin, Richard},
  journal={Bioinformatics},
  volume={26},
  number={5},
  pages={589--595},
  year={2010},
  publisher={Oxford Academic}
}

@article{li2013aligning,
  title={Aligning sequence reads, clone sequences and assembly contigs with BWA-MEM},
  author={Li, Heng},
  journal={arXiv preprint arXiv:1303.3997},
  year={2013}
}

@article{ferragina2005indexing,
  title={Indexing compressed text},
  author={Ferragina, Paolo and Manzini, Giovanni},
  journal={Journal of the ACM (JACM)},
  volume={52},
  number={4},
  pages={552--581},
  year={2005},
  publisher={ACM New York, NY, USA}
}

@inproceedings{burrows1994block,
  title={A block-sorting lossless data compression algorithm},
  author={Burrows, Michael and Wheeler, David},
  booktitle={Digital SRC Research Report},
  year={1994},
  organization={Citeseer}
}

@article{martiniano2020removing,
  title={Removing reference bias and improving indel calling in ancient DNA data analysis by mapping to a sequence variation graph},
  author={Martiniano, Rui and Garrison, Erik and Jones, Eppie R and Manica, Andrea and Durbin, Richard},
  journal={Genome biology},
  volume={21},
  number={1},
  pages={1--18},
  year={2020},
  publisher={BioMed Central}
}

@article{chen2021reference,
  title={Reference flow: reducing reference bias using multiple population genomes},
  author={Chen, Nae-Chyun and Solomon, Brad and Mun, Taher and Iyer, Sheila and Langmead, Ben},
  journal={Genome biology},
  volume={22},
  number={1},
  pages={1--17},
  year={2021},
  publisher={BioMed Central}
}

@article{gunther2019presence,
  title={The presence and impact of reference bias on population genomic studies of prehistoric human populations},
  author={G{\"u}nther, Torsten and Nettelblad, Carl},
  journal={PLoS genetics},
  volume={15},
  number={7},
  pages={e1008302},
  year={2019},
  publisher={Public Library of Science}
}

@article{garrison2018variation,
  title={Variation graph toolkit improves read mapping by representing genetic variation in the reference},
  author={Garrison, Erik and Sir{\'e}n, Jouni and Novak, Adam M and Hickey, Glenn and Eizenga, Jordan M and Dawson, Eric T and Jones, William and Garg, Shilpa and Markello, Charles and Lin, Michael F and others},
  journal={Nature biotechnology},
  volume={36},
  number={9},
  pages={875--879},
  year={2018},
  publisher={Nature Publishing Group}
}

@article{li2020design,
  title={The design and construction of reference pangenome graphs with minigraph},
  author={Li, Heng and Feng, Xiaowen and Chu, Chong},
  journal={Genome biology},
  volume={21},
  number={1},
  pages={1--19},
  year={2020},
  publisher={Springer}
}

@article{cornish2015comparison,
  title={A comparison of variant calling pipelines using genome in a bottle as a reference},
  author={Cornish, Adam and Guda, Chittibabu},
  journal={BioMed research international},
  volume={2015},
  year={2015},
  publisher={Hindawi}
}

@misc{ReferenceBias,
    author = "{Jessica Lau}",
    title = "Reference bias: Challenges and solutions",
    howpublished = "\url{https://www.sevenbridges.com/reference-bias-challenges-and-solutions/}"
}
